<record><leader>00000cas a22000007a 4500</leader><controlfield tag="001">21880006</controlfield><controlfield tag="008">900618d186u1864mnuwr ne      0    0eng d</controlfield><datafield ind1=" " ind2=" " tag="010"><subfield code="a">sn 89064491 </subfield></datafield><datafield ind1=" " ind2=" " tag="040"><subfield code="a">MN#</subfield><subfield code="b">eng</subfield><subfield code="c">MN#</subfield><subfield code="d">OCL</subfield><subfield code="d">OCLCQ</subfield><subfield code="d">OCLCF</subfield><subfield code="d">OCLCO</subfield></datafield><datafield ind1=" " ind2=" " tag="042"><subfield code="a">msc</subfield></datafield><datafield ind1=" " ind2=" " tag="043"><subfield code="a">n-us-mn</subfield></datafield><datafield ind1=" " ind2=" " tag="052"><subfield code="a">4144</subfield><subfield code="b">S2</subfield></datafield><datafield ind1=" " ind2=" " tag="052"><subfield code="a">4143</subfield><subfield code="b">S6</subfield></datafield><datafield ind1="0" ind2="0" tag="245"><subfield code="a">St. Cloud union.</subfield></datafield><datafield ind1="3" ind2="0" tag="246"><subfield code="a">Saint Cloud union</subfield></datafield><datafield ind1=" " ind2=" " tag="260"><subfield code="a">St. Cloud, Minn. :</subfield><subfield code="b">Simonton &amp; Bro.,</subfield><subfield code="c">-1864.</subfield></datafield><datafield ind1=" " ind2=" " tag="300"><subfield code="a">v.</subfield></datafield><datafield ind1=" " ind2=" " tag="310"><subfield code="a">Weekly</subfield></datafield><datafield ind1="0" ind2=" " tag="362"><subfield code="a">-v. 3, no. 42 (Mar. 31, 1864).</subfield></datafield><datafield ind1=" " ind2=" " tag="530"><subfield code="a">Available on microfilm from the Minnesota Historical Society.</subfield></datafield><datafield ind1=" " ind2=" " tag="588"><subfield code="a">Description based on: Vol. 3, no. 37 (Feb. 25, 1864).</subfield></datafield><datafield ind1=" " ind2="0" tag="651"><subfield code="a">Saint Cloud (Minn.)</subfield><subfield code="v">Newspapers.</subfield></datafield><datafield ind1=" " ind2="7" tag="655"><subfield code="a">Newspapers.</subfield><subfield code="2">fast</subfield><subfield code="0">(OCoLC)fst01423814</subfield></datafield><datafield ind1=" " ind2="7" tag="651"><subfield code="a">Minnesota</subfield><subfield code="z">Saint Cloud.</subfield><subfield code="2">fast</subfield><subfield code="0">(OCoLC)fst01210140</subfield></datafield><datafield ind1=" " ind2=" " tag="752"><subfield code="a">United States</subfield><subfield code="b">Minnesota</subfield><subfield code="c">Stearns</subfield><subfield code="d">Saint Cloud.</subfield></datafield><datafield ind1="0" ind2="0" tag="780"><subfield code="t">Minnesota union</subfield><subfield code="w">(DLC)sn 84031589</subfield></datafield><datafield ind1="0" ind2="0" tag="785"><subfield code="t">Saint Cloud times (Saint Cloud, Minn. : 1864)</subfield><subfield code="w">(DLC)sn 85025586</subfield></datafield></record>